
@misc{lurklurk,
	title = "Beginner's Guide to Linkers",
	author ="David Drysdale",
    howpublished = "[online]",
    month =        "Kwiecień",
    year =         "2018",
    note =         "[dostęp: 2018-04-04]",
    annote = "Dostępny w Internecie: \url{http://www.lurklurk.org/linkers/linkers.html}"
}

@misc{ELF,
	title = "The ELF Object File Format: Introduction",
	author ="Eric Youngdale",
    howpublished = "[online]",
    month =        "April",
    year =         "1995",
    note =         "[dostęp: 2018-04-04]",
    annote = "Dostępny w Internecie: \url{http://www.linuxjournal.com/article/1059}"
}


@misc{nmMan,
title = "Manual programu nm"}

@misc{Carson,
	title = "Guide to Object File Linking",
	author ="Carson Tang",
    howpublished = "[online]",
    month =        "June",
    year =         "2013",
    note =         "[dostęp: 2018-04-04]",
    annote = "Dostępny w Internecie: \url{https://carsontang.github.io/unix/2013/06/01/guide-to-object-file-linking/}"
}

@misc{ELFHeader,
    title = "ELF Hello World Tutorial",
    author ="Ciro Santilli",
    howpublished = "[online]",
    note =         "[dostęp: 2018-04-04]",
    annote = "Dostępny w Internecie: \url{http://www.cirosantilli.com/elf-hello-world/}"
}

@misc{PIC,
    title = "Position Independent Code (PIC) in shared libraries",
    author ="Eli Bendersky",
    howpublished = "[online]",
    note =         "[dostęp: 2018-04-04]",
    annote = "Dostępny w Internecie: \url{https://eli.thegreenplace.net/2011/11/03/position-independent-code-pic-in-shared-libraries/}"
}

@misc{tldp,
    title = "Program Library HOWTO",
    author ="David A. Wheeler",
    howpublished = "[online]",
    month =        "April",
    year =         "2013",
    note =         "[dostęp: 2018-04-04]",
    annote = "Dostępny w Internecie: \url{http://tldp.org/HOWTO/Program-Library-HOWTO/dl-libraries.html}"
}
